@inproceedings{Louvet17,
	author = "J-B. Louvet and G. {Dubuisson Duplessis} and N.Chaignaud and L. and J-P. Kotowicz",
	booktitle = "nternational Conference on Knowledge-Based and Intelligent Information and Engineering Systems",
	doi = "10.1016/j.procs.2017.08.218",
	issn = "1877-0509",
	pages = "377--386",
	title = "Modeling a collaborative task with social commitments",
	year = "2017"
}

